@online{2018,
    title     = "Answers to exam questions (en/fr) January 2018",
    url       = "https://dochub.be/documents/63822l",
}

@online{2017,
    title     = "Answers to questions from 2016 - 2017 (in English)",
    url       = "https://dochub.be/documents/63528",
}


@online{2018M,
    title     = "RÃ©ponses aux questions d'examen",
    url       = "https://dochub.be/documents/63309",
}
